
@inbook{doi:10.2514/6.1991-1596,
author = {ANTONY JAMESON},
title = {Time dependent calculations using multigrid, with applications to unsteady flows past airfoils and wings},
booktitle = {10th Computational Fluid Dynamics Conference},
chapter = {},
pages = {},
doi = {10.2514/6.1991-1596},
URL = {https://arc.aiaa.org/doi/abs/10.2514/6.1991-1596},
eprint = {https://arc.aiaa.org/doi/pdf/10.2514/6.1991-1596}
}
